@article{lu2014construction,
  title={Construction of data aggregation tree for multi-objectives in wireless sensor networks through jump particle swarm optimization},
  author={Lu, Yao and Chen, Jianping and Comsa, Ioan and Kuonen, Pierre and Hirsbrunner, Beat},
  journal={Procedia Computer Science},
  volume={35},
  pages={73--82},
  year={2014},
  publisher={Elsevier}
}