@misc{wsn_history,
	author = {Sillicon Laboratories, Inc},
	title  = {The Evolution of Wireless Sensor Networks},
	year   = {2013},
	url    = {https://www.silabs.com/documents/public/white-papers/evolution-of-wireless-sensor-networks.pdf}
}


